@article {MR2763040,
    AUTHOR = {Hurlbert, Glenn and Kamat, Vikram},
     TITLE = {Erd{\H{o}}s-{K}o-{R}ado theorems for chordal graphs and trees},
   JOURNAL = {J. Combin. Theory Ser. A},
  FJOURNAL = {Journal of Combinatorial Theory. Series A},
    VOLUME = {118},
      YEAR = {2011},
    NUMBER = {3},
     PAGES = {829--841},
      ISSN = {0097-3165,1096-0899},
   MRCLASS = {05C35 (05C65 05C69 05D05)},
  MRNUMBER = {2763040},
MRREVIEWER = {Ameera\ Naz\ Chowdhury},
       DOI = {10.1016/j.jcta.2010.11.017},
       URL = {https://doi.org/10.1016/j.jcta.2010.11.017},
}
%%----------------------------------------
@article {MR4245360,
    AUTHOR = {Estrugo, Emiliano J.J. and Pastine, Adri\'{a}n},
     TITLE = {On stars in caterpillars and lobsters},
   JOURNAL = {Discrete Appl. Math.},
  FJOURNAL = {Discrete Applied Mathematics. The Journal of Combinatorial
              Algorithms, Informatics and Computational Sciences},
    VOLUME = {298},
      YEAR = {2021},
     PAGES = {50--55},
      ISSN = {0166-218X,1872-6771},
   MRCLASS = {05C05 (05C75)},
  MRNUMBER = {4245360},
       DOI = {10.1016/j.dam.2021.03.013},
       URL = {https://doi.org/10.1016/j.dam.2021.03.013},
}
%%----------------------------------------
%% For the K-EKR property
@article {MR2136060,
    AUTHOR = {Holroyd, Fred and Talbot, John},
     TITLE = {Graphs with the {{E}rd\H{o}}s-{K}o-{R}ado property},
   JOURNAL = {Discrete Math.},
  FJOURNAL = {Discrete Mathematics},
    VOLUME = {293},
      YEAR = {2005},
    NUMBER = {1-3},
     PAGES = {165--176},
      ISSN = {0012-365X,1872-681X},
   MRCLASS = {05C35 (05C65 05C69 05D05)},
  MRNUMBER = {2136060},
MRREVIEWER = {J\'{o}zsef\ Balogh},
       DOI = {10.1016/j.disc.2004.08.028},
       URL = {https://doi.org/10.1016/j.disc.2004.08.028},
}
%%----------------------------------------
%% Disproving the HK-property (Thesis)
@book {MR3271819,
    AUTHOR = {Baber, R.},
     TITLE = {Some results in extremal combinatorics},
      NOTE = {Thesis (Ph.D.)--University of London, University College
              London (United Kingdom)},
 PUBLISHER = {ProQuest LLC, Ann Arbor, MI},
      YEAR = {2011},
     PAGES = {(no paging)},
   MRCLASS = {99-05},
  MRNUMBER = {3271819},
       URL =
              {http://gateway.proquest.com/openurl?url_ver=Z39.88-2004&rft_val_fmt=info:ofi/fmt:kev:mtx:dissertation&res_dat=xri:pqm&rft_dat=xri:pqdiss:U612033},
}
%%----------------------------------------
%% Disproving the HK-property (Article #1)
@article {MR3612439,
    AUTHOR = {Borg, Peter},
     TITLE = {Stars on trees},
   JOURNAL = {Discrete Math.},
  FJOURNAL = {Discrete Mathematics},
    VOLUME = {340},
      YEAR = {2017},
    NUMBER = {5},
     PAGES = {1046--1049},
      ISSN = {0012-365X,1872-681X},
   MRCLASS = {05C35 (05C05 05C69 05D05)},
  MRNUMBER = {3612439},
MRREVIEWER = {Song\ Guo},
       DOI = {10.1016/j.disc.2016.11.002},
       URL = {https://doi.org/10.1016/j.disc.2016.11.002},
}
%%----------------------------------------
%% Disproving the HK-property (Article #2)
@article {MR2523796,
    AUTHOR = {Borg, Peter and Holroyd, Fred},
     TITLE = {The {E}rd{\H{o}}s-{K}o-{R}ado properties of various graphs
              containing singletons},
   JOURNAL = {Discrete Math.},
  FJOURNAL = {Discrete Mathematics},
    VOLUME = {309},
      YEAR = {2009},
    NUMBER = {9},
     PAGES = {2877--2885},
      ISSN = {0012-365X,1872-681X},
   MRCLASS = {05C35 (05C69)},
  MRNUMBER = {2523796},
MRREVIEWER = {J\'{o}zsef\ Balogh},
       DOI = {10.1016/j.disc.2008.07.021},
       URL = {https://doi.org/10.1016/j.disc.2008.07.021},
}
%% ----------------------------------------
@inproceedings{Niskanen2003CliquerUG,
  title={Cliquer user's guide, version 1.0},
  author={Sampo Niskanen and Patric R. J. {\"O}sterg{\aa}rd},
  year={2003},
  url={https://api.semanticscholar.org/CorpusID:125687590}
}
%% ----------------------------------------
@book{Godsil_Meagher_2015, place={Cambridge}, series={Cambridge Studies in Advanced Mathematics}, title={Erdõs–Ko–Rado Theorems: Algebraic Approaches}, publisher={Cambridge University Press}, author={Godsil, Christopher and Meagher, Karen}, year={2015}, collection={Cambridge Studies in Advanced Mathematics}}

%% ----------------------------------------
%% EKR ORIGINAL PAPER %%
@article{Erds1961INTERSECTIONTF,
  title={INTERSECTION THEOREMS FOR SYSTEMS OF FINITE SETS},
  author={Paul Erd{\"o}s and Chao Ko and Richard Rado},
  journal={Quarterly Journal of Mathematics},
  year={1961},
  volume={12},
  pages={313-320},
  url={https://api.semanticscholar.org/CorpusID:17189441}
}
%% ----------------------------------------
%% Combinatorics
@book {MR0892525,
    AUTHOR = {Anderson, Ian},
     TITLE = {Combinatorics of finite sets},
    SERIES = {Oxford Science Publications},
 PUBLISHER = {The Clarendon Press, Oxford University Press, New York},
      YEAR = {1987},
     PAGES = {xvi+250},
      ISBN = {0-19-853367-5},
   MRCLASS = {05-01 (05A05)},
  MRNUMBER = {892525},
MRREVIEWER = {D.\ J.\ Kleitman},
}
%% ----------------------------------------
%% Original HK PAPER
@article{HOLROYD2005165,
title = {Graphs with the Erdős–Ko–Rado property},
journal = {Discrete Mathematics},
volume = {293},
number = {1},
pages = {165-176},
year = {2005},
note = {19th British Combinatorial Conference},
issn = {0012-365X},
doi = {https://doi.org/10.1016/j.disc.2004.08.028},
url = {https://www.sciencedirect.com/science/article/pii/S0012365X05000592},
author = {Fred Holroyd and John Talbot},
keywords = {Erdős–Ko–Rado Theorem, EKR property, Graphs, Independent vertex sets},
abstract = {For a graph G vertex v of G and integer r⩾1, we denote the family of independent r-sets of V(G) by I(r)(G) and the subfamily {A∈I(r)(G):v∈A} by Iv(r)(G); such a subfamily is called a star. Then, G is said to be r-EKR if no intersecting subfamily of I(r)(G) is larger than the largest star in I(r)(G). If every intersecting subfamily of Iv(r)(G) of maximum size is a star, then G is said to be strictly r-EKR. We show that if a graph G is r-EKR then its lexicographic product with any complete graph is r-EKR. For any graph G, we define μ(G) to be the minimum size of a maximal independent vertex set. We conjecture that, if 1⩽r⩽12μ(G), then G is r-EKR, and if r<12μ(G), then G is strictly r-EKR. This is known to be true when G is an empty graph, a cycle, a path or the disjoint union of complete graphs. We show that it is also true when G is the disjoint union of a pair of complete multipartite graphs.}
}
% ----------------------------------------
% ORIGINAL EKR THEOREM PAPER
@article{10.1093/qmath/12.1.313,
    author = {ERDÓS, P. and KO, CHAO and RADO, R.},
    title = "{INTERSECTION THEOREMS FOR SYSTEMS OF FINITE SETS}",
    journal = {The Quarterly Journal of Mathematics},
    volume = {12},
    number = {1},
    pages = {313-320},
    year = {1961},
    month = {01},
    issn = {0033-5606},
    doi = {10.1093/qmath/12.1.313},
    url = {https://doi.org/10.1093/qmath/12.1.313},
    eprint = {https://academic.oup.com/qjmath/article-pdf/12/1/313/7288156/12-1-313.pdf},
}


