@article {MR2763040,
    AUTHOR = {Hurlbert, Glenn and Kamat, Vikram},
     TITLE = {Erd{\H{o}}s-{K}o-{R}ado theorems for chordal graphs and trees},
   JOURNAL = {J. Combin. Theory Ser. A},
  FJOURNAL = {Journal of Combinatorial Theory. Series A},
    VOLUME = {118},
      YEAR = {2011},
    NUMBER = {3},
     PAGES = {829--841},
      ISSN = {0097-3165,1096-0899},
   MRCLASS = {05C35 (05C65 05C69 05D05)},
  MRNUMBER = {2763040},
MRREVIEWER = {Ameera\ Naz\ Chowdhury},
       DOI = {10.1016/j.jcta.2010.11.017},
       URL = {https://doi.org/10.1016/j.jcta.2010.11.017},
}
%%----------------------------------------
@article {MR4245360,
    AUTHOR = {Estrugo, Emiliano J.J. and Pastine, Adri\'{a}n},
     TITLE = {On stars in caterpillars and lobsters},
   JOURNAL = {Discrete Appl. Math.},
  FJOURNAL = {Discrete Applied Mathematics. The Journal of Combinatorial
              Algorithms, Informatics and Computational Sciences},
    VOLUME = {298},
      YEAR = {2021},
     PAGES = {50--55},
      ISSN = {0166-218X,1872-6771},
   MRCLASS = {05C05 (05C75)},
  MRNUMBER = {4245360},
       DOI = {10.1016/j.dam.2021.03.013},
       URL = {https://doi.org/10.1016/j.dam.2021.03.013},
}
%%----------------------------------------
%% For the K-EKR property
@article {MR2136060,
    AUTHOR = {Holroyd, Fred and Talbot, John},
     TITLE = {Graphs with the {{E}rd\H{o}}s-{K}o-{R}ado property},
   JOURNAL = {Discrete Math.},
  FJOURNAL = {Discrete Mathematics},
    VOLUME = {293},
      YEAR = {2005},
    NUMBER = {1-3},
     PAGES = {165--176},
      ISSN = {0012-365X,1872-681X},
   MRCLASS = {05C35 (05C65 05C69 05D05)},
  MRNUMBER = {2136060},
MRREVIEWER = {J\'{o}zsef\ Balogh},
       DOI = {10.1016/j.disc.2004.08.028},
       URL = {https://doi.org/10.1016/j.disc.2004.08.028},
}
%%----------------------------------------
%% Disproving the HK-property (Thesis)
@book {MR3271819,
    AUTHOR = {Baber, R.},
     TITLE = {Some results in extremal combinatorics},
      NOTE = {Thesis (Ph.D.)--University of London, University College
              London (United Kingdom)},
 PUBLISHER = {ProQuest LLC, Ann Arbor, MI},
      YEAR = {2011},
     PAGES = {(no paging)},
   MRCLASS = {99-05},
  MRNUMBER = {3271819},
       URL =
              {http://gateway.proquest.com/openurl?url_ver=Z39.88-2004&rft_val_fmt=info:ofi/fmt:kev:mtx:dissertation&res_dat=xri:pqm&rft_dat=xri:pqdiss:U612033},
}
%%----------------------------------------
%% Disproving the HK-property (Article #1)
@article {MR3612439,
    AUTHOR = {Borg, Peter},
     TITLE = {Stars on trees},
   JOURNAL = {Discrete Math.},
  FJOURNAL = {Discrete Mathematics},
    VOLUME = {340},
      YEAR = {2017},
    NUMBER = {5},
     PAGES = {1046--1049},
      ISSN = {0012-365X,1872-681X},
   MRCLASS = {05C35 (05C05 05C69 05D05)},
  MRNUMBER = {3612439},
MRREVIEWER = {Song\ Guo},
       DOI = {10.1016/j.disc.2016.11.002},
       URL = {https://doi.org/10.1016/j.disc.2016.11.002},
}
%%----------------------------------------
%% Disproving the HK-property (Article #2)
@article {MR2523796,
    AUTHOR = {Borg, Peter and Holroyd, Fred},
     TITLE = {The {E}rd{\H{o}}s-{K}o-{R}ado properties of various graphs
              containing singletons},
   JOURNAL = {Discrete Math.},
  FJOURNAL = {Discrete Mathematics},
    VOLUME = {309},
      YEAR = {2009},
    NUMBER = {9},
     PAGES = {2877--2885},
      ISSN = {0012-365X,1872-681X},
   MRCLASS = {05C35 (05C69)},
  MRNUMBER = {2523796},
MRREVIEWER = {J\'{o}zsef\ Balogh},
       DOI = {10.1016/j.disc.2008.07.021},
       URL = {https://doi.org/10.1016/j.disc.2008.07.021},
}
%% ----------------------------------------
@inproceedings{Niskanen2003CliquerUG,
  title={Cliquer user's guide, version 1.0},
  booktitle={Cliquer user's guide, version 1.0},
  author={Sampo Niskanen and Patric R. J. {\"O}sterg{\aa}rd},
  year={2003},
  url={https://api.semanticscholar.org/CorpusID:125687590}
}
